<record><leader>00000cas a2200000 a 4500</leader><controlfield tag="001">51950355</controlfield><controlfield tag="008">030331d19941995caudr ne      0    0eng c</controlfield><datafield ind1=" " ind2=" " tag="010"><subfield code="a">sn2003061127</subfield></datafield><datafield ind1=" " ind2=" " tag="040"><subfield code="a">CNK</subfield><subfield code="b">eng</subfield><subfield code="c">CNK</subfield><subfield code="d">CNK</subfield><subfield code="d">CRU</subfield><subfield code="d">OCLCQ</subfield><subfield code="d">OCLCF</subfield><subfield code="d">OCLCO</subfield></datafield><datafield ind1="1" ind2=" " tag="029"><subfield code="a">AU@</subfield><subfield code="b">000024533567</subfield></datafield><datafield ind1=" " ind2=" " tag="042"><subfield code="a">pcc</subfield></datafield><datafield ind1=" " ind2=" " tag="043"><subfield code="a">n-us-ca</subfield></datafield><datafield ind1="1" ind2="4" tag="050"><subfield code="a">AN1.C36</subfield><subfield code="b">M667</subfield></datafield><datafield ind1="0" ind2="0" tag="245"><subfield code="a">Simi Valley star and enterprise.</subfield></datafield><datafield ind1="3" ind2=" " tag="246"><subfield code="a">Simi Valley star</subfield></datafield><datafield ind1=" " ind2=" " tag="260"><subfield code="a">Simi Valley, CA :</subfield><subfield code="b">Scripps Howard Newspapers</subfield></datafield><datafield ind1=" " ind2=" " tag="300"><subfield code="a">v.</subfield></datafield><datafield ind1=" " ind2=" " tag="310"><subfield code="a">Daily</subfield></datafield><datafield ind1="0" ind2=" " tag="362"><subfield code="a">Nov. 22, 1994-Feb. 27, 1995.</subfield></datafield><datafield ind1=" " ind2=" " tag="500"><subfield code="a">"And Enterprise" appears in small print below "Simi Valley Star."</subfield></datafield><datafield ind1=" " ind2=" " tag="530"><subfield code="a">Master negatives are available for duplication from:</subfield><subfield code="b">California Newspaper Microfilm Archive;</subfield><subfield code="c">positive copies may be purchased by the reel; for further information consult the CNMA at:</subfield><subfield code="u">http://cbsr.ucr.edu</subfield></datafield><datafield ind1=" " ind2="0" tag="651"><subfield code="a">Simi Valley (Calif.)</subfield><subfield code="v">Newspapers.</subfield></datafield><datafield ind1=" " ind2="7" tag="655"><subfield code="a">Newspapers.</subfield><subfield code="2">fast</subfield><subfield code="0">(OCoLC)fst01423814</subfield></datafield><datafield ind1=" " ind2="7" tag="651"><subfield code="a">California</subfield><subfield code="z">Simi Valley.</subfield><subfield code="2">fast</subfield><subfield code="0">(OCoLC)fst01214312</subfield></datafield><datafield ind1=" " ind2=" " tag="752"><subfield code="a">United States</subfield><subfield code="b">California</subfield><subfield code="c">Ventura</subfield><subfield code="d">Simi Valley.</subfield></datafield><datafield ind1="0" ind2="0" tag="780"><subfield code="t">Simi Valley enterprise (Simi Valley, Calif. : 1993)</subfield><subfield code="w">(DLC)sn2003061126</subfield></datafield><datafield ind1="0" ind2="0" tag="785"><subfield code="t">Simi Valley star</subfield><subfield code="w">(DLC)sn2002060277</subfield></datafield></record>